@article{einstein,
  author   = {Albert Einstein},
  title    = {{Zur Elektrodynamik bewegter K{\"o}rper}. ({German})
              [{On} the electrodynamics of moving bodies]},
  journal  = {Annalen der Physik},
  volume   = {322},
  number   = {10},
  pages    = {891--921},
  year     = {1905},
  doi      = {http://dx.doi.org/10.1002/andp.19053221004},
  keywords = {physics}
}

@book{dirac,
  title     = {The Principles of Quantum Mechanics},
  author    = {Paul Adrien Maurice Dirac},
  isbn      = {9780198520115},
  series    = {International series of monographs on physics},
  year      = {1981},
  publisher = {Clarendon Press},
  keywords  = {physics},
  url       = {https://global.oup.com/academic/product/the-principles-of-quantum-mechanics-9780198520115?cc=us&lang=en&}
}

@unpublished{knuthwebsite,
  author   = {Donald Knuth},
  title    = {Knuth: Computers and Typesetting},
  note     = {\url{http://www-cs-faculty.stanford.edu/~uno/abcde.html}},
  year     = {Accessed: 01--09--2016},
  keywords = {latex,knuth}
}

@inbook{knuth-fa,
  author    = {Donald E. Knuth},
  title     = {Fundamental Algorithms},
  publisher = {Addison-Wesley},
  year      = {1973},
  chapter   = {1.2},
  keywords  = {knuth,programming},
  url       = {https://doc.lagout.org/science/0_Computer%20Science/2_Algorithms/The%20Art%20of%20Computer%20Programming%20(vol.%201_%20Fundamental%20Algorithms)%20(3rd%20ed.)%20%5BKnuth%201997-07-17%5D.pdf}
}